<?xml version="1.0" encoding="utf-8"?>
<record xmlns="http://www.loc.gov/MARC21/slim" xmlns:xsi="http://www.w3.org/2001/XMLSchema-instance" xsi:schemaLocation="http://www.loc.gov/MARC21/slim http://www.loc.gov/standards/marcxml/schema/MARC21slim.xsd">
	<leader>     nam a22        4500</leader>
	<controlfield tag="001">001778662</controlfield>
	<controlfield tag="003">NNU</controlfield>
	<controlfield tag="006">m        d        </controlfield>
	<controlfield tag="007">cr cn |||m|||a</controlfield>
	<controlfield tag="008">160519r19741890le      o     000 0 arard</controlfield>
	<datafield ind1=" " ind2=" " tag="040">
		<subfield code="a">NNU</subfield>
		<subfield code="b">eng</subfield>
		<subfield code="e">rda</subfield>
		<subfield code="c">NNU</subfield>
	</datafield>
	<datafield ind1=" " ind2="4" tag="050">
		<subfield code="a">BP152.B27</subfield>
		<subfield code="b">B84 1974</subfield>
	</datafield>
	<datafield ind1="1" ind2=" " tag="100">
		<subfield code="6">880-01</subfield>
		<subfield code="a">Bukhārī, ʻAbd al-ʻAzīz ibn Aḥmad,</subfield>
		<subfield code="d">-1329 or 1330.</subfield>
	</datafield>
	<datafield ind1="1" ind2="0" tag="240">
		<subfield code="6">880-02</subfield>
		<subfield code="a">Kashf al-asrār</subfield>
	</datafield>
	<datafield ind1="1" ind2="0" tag="245">
		<subfield code="6">880-03</subfield>
		<subfield code="a">Kashf al-asrār ʻan Uṣūl Fakhr al-Islām al-Bazdawī /</subfield>
		<subfield code="c">taʼlīf ʻAlāʼ al-Dīn ʻAbd al-ʻAzīz ibn Aḥmad al-Bukhārī.</subfield>
	</datafield>
	<datafield ind1=" " ind2=" " tag="250">
		<subfield code="6">880-04</subfield>
		<subfield code="a">Ṭabʻah jadīdah bi-al-ūfsat.</subfield>
	</datafield>
	<datafield ind1=" " ind2=" " tag="260">
		<subfield code="6">880-05</subfield>
		<subfield code="a">Bayrūt :</subfield>
		<subfield code="b">Dār al-Kitāb al-ʻArabī,</subfield>
		<subfield code="c">1974.</subfield>
	</datafield>
	<datafield ind1=" " ind2=" " tag="300">
		<subfield code="a">online resource (4 volumes in 2)</subfield>
	</datafield>
	<datafield ind1=" " ind2=" " tag="336">
		<subfield code="a">text</subfield>
		<subfield code="2">rdacontent</subfield>
	</datafield>
	<datafield ind1=" " ind2=" " tag="337">
		<subfield code="a">computer</subfield>
		<subfield code="2">rdamedia</subfield>
	</datafield>
	<datafield ind1=" " ind2=" " tag="338">
		<subfield code="a">online resource</subfield>
		<subfield code="2">rdacarrier</subfield>
	</datafield>
	<datafield ind1=" " ind2=" " tag="500">
		<subfield code="a">Reprint. Originally published: Dār Saʻādat : al-Sharikah al-Ṣiḥāfīyah al-ʻUthmānīyah, 1308 [1890 or 1891].</subfield>
	</datafield>
	<datafield ind1=" " ind2=" " tag="500">
		<subfield code="a">Part of the Arabic Collections Online (ACO) project, contributed by New York Univeristy Libraries.</subfield>
	</datafield>
	<datafield ind1=" " ind2=" " tag="533">
		<subfield code="a">Electronic reproduction.</subfield>
		<subfield code="b">New York, N.Y. :</subfield>
		<subfield code="c">New York University,</subfield>
		<subfield code="d">2016.</subfield>
		<subfield code="5">NNU</subfield>
	</datafield>
	<datafield ind1="1" ind2="0" tag="600">
		<subfield code="6">880-06</subfield>
		<subfield code="a">Bazdawī, Abū al-Ḥasan ʻAlī ibn Muḥammad,</subfield>
		<subfield code="d">-1089.</subfield>
		<subfield code="t">Kanz al-wuṣūl ilá maʻrifat al-uṣūl.</subfield>
	</datafield>
	<datafield ind1=" " ind2="0" tag="650">
		<subfield code="a">Islamic law.</subfield>
	</datafield>
	<datafield ind1=" " ind2="0" tag="650">
		<subfield code="a">Hanafites.</subfield>
	</datafield>
	<datafield ind1=" " ind2="7" tag="650">
		<subfield code="a">Derecho musulmán.</subfield>
		<subfield code="2">embne.</subfield>
	</datafield>
	<datafield ind1=" " ind2="7" tag="650">
		<subfield code="a">Hanefitas.</subfield>
		<subfield code="2">embne.</subfield>
	</datafield>
	<datafield ind1="1" ind2=" " tag="700">
		<subfield code="6">880-07</subfield>
		<subfield code="a">Bazdawī, Abū al-Ḥasan ʻAlī ibn Muḥammad,</subfield>
		<subfield code="d">-1089.</subfield>
		<subfield code="t">Kanz al-wuṣūl ilá maʻrifat al-uṣūl.</subfield>
	</datafield>
	<datafield ind1="2" ind2=" " tag="710">
		<subfield code="a">New York University.</subfield>
		<subfield code="b">Libraries.</subfield>
	</datafield>
	<datafield ind1="0" ind2=" " tag="730">
		<subfield code="a">Arabic Collections Online.</subfield>
	</datafield>
	<datafield ind1="0" ind2="8" tag="776">
		<subfield code="i">Online version:</subfield>
		<subfield code="a">Bukhārī, ʻAbd al-ʻAzīz ibn Aḥmad, -1329 or 30.</subfield>
		<subfield code="s">Kashf al-asrār.</subfield>
		<subfield code="t">Kashf al-asrār ʻan Uṣūl Fakhr al-Islām al-Bazdawī.</subfield>
		<subfield code="b">Ṭabʻah jadīdah bi-al-ūfsat.</subfield>
		<subfield code="d">Bayrūt, Lubnān : Dār al-Kitāb al-ʻArabī, 1974</subfield>
		<subfield code="w">(OCoLC)609205435</subfield>
	</datafield>
	<datafield ind1="0" ind2="8" tag="776">
		<subfield code="i">Print version:</subfield>
		<subfield code="a">Bukhārī, ʻAbd al-ʻAzīz ibn Aḥmad, -1329 or 1330.</subfield>
		<subfield code="t">Kashf al-asrār ʻan Uṣūl Fakhr al-Islām al-Bazdawī</subfield>
		<subfield code="w">(NNU)001778662</subfield>
		<subfield code="w">(DLC)   78962711</subfield>
	</datafield>
	<datafield ind1="4" ind2="0" tag="856">
		<subfield code="u">http://hdl.handle.net/2333.1/x95x6dp4</subfield>
	</datafield>
	<datafield ind1="1" ind2=" " tag="880">
		<subfield code="6">100-01/</subfield>
		<subfield code="a">بخاري، عبد العزيز بن أحمد،</subfield>
		<subfield code="d">-1329 or 1330.</subfield>
	</datafield>
	<datafield ind1="1" ind2="0" tag="880">
		<subfield code="6">240-02/</subfield>
		<subfield code="a">كشف الاسرار</subfield>
	</datafield>
	<datafield ind1="1" ind2="0" tag="880">
		<subfield code="6">245-03/</subfield>
		<subfield code="a">كشف الأسرار عن أصول فخر الإسلام البزدوي /</subfield>
		<subfield code="c">تأليف علاء الدين عبد العزيز بن أحمد البخاري.</subfield>
	</datafield>
	<datafield ind1=" " ind2=" " tag="880">
		<subfield code="6">250-04/</subfield>
		<subfield code="a">طبعة جديدة بالأوفست.</subfield>
	</datafield>
	<datafield ind1=" " ind2=" " tag="880">
		<subfield code="6">260-05/</subfield>
		<subfield code="a">بيروت :</subfield>
		<subfield code="b">دار الكتاب العربي،</subfield>
		<subfield code="c">١٩٧٤.</subfield>
	</datafield>
	<datafield ind1="1" ind2="4" tag="880">
		<subfield code="6">600-06/</subfield>
		<subfield code="a">بزدوي، أبو الحسن علي بن محمد.</subfield>
		<subfield code="t">كنز الوصول إلى معرفة الأصول.</subfield>
	</datafield>
	<datafield ind1="1" ind2=" " tag="880">
		<subfield code="6">700-07/</subfield>
		<subfield code="a">بزدوي، ابو الحسن علي بن محمد،</subfield>
		<subfield code="d">1089.</subfield>
		<subfield code="t">كنز الوصول الى معرفة الأصول.</subfield>
	</datafield>
	<datafield ind1=" " ind2=" " tag="959">
		<subfield code="a">NNU</subfield>
		<subfield code="b">WEB</subfield>
		<subfield code="c">GENI</subfield>
		<subfield code="t">0</subfield>
		<subfield code="m">Electronic access</subfield>
		<subfield code="s">01</subfield>
	</datafield>
	<datafield ind1=" " ind2=" " tag="999">
		<subfield code="i">NNU_001778662</subfield>
		<subfield code="s">nyu_aco001432:v.1/2</subfield>
		<subfield code="s">nyu_aco001433:v.3/4</subfield>
	</datafield>
</record>
